<record><leader>00000cas a2200000 a 4500</leader><controlfield tag="001">40355145</controlfield><controlfield tag="008">981120c19989999fludn ne      0    0eng c</controlfield><datafield ind1=" " ind2=" " tag="010"><subfield code="a">sn 00063009 </subfield></datafield><datafield ind1=" " ind2=" " tag="040"><subfield code="a">FCS</subfield><subfield code="b">eng</subfield><subfield code="c">FCS</subfield><subfield code="d">NYS</subfield><subfield code="d">OCLCQ</subfield><subfield code="d">OCLCF</subfield><subfield code="d">OCLCO</subfield></datafield><datafield ind1="1" ind2=" " tag="029"><subfield code="a">AU@</subfield><subfield code="b">000021486292</subfield></datafield><datafield ind1=" " ind2=" " tag="037"><subfield code="b">300 N French Ave, PO Box 1667, Sanford, FL 32771</subfield></datafield><datafield ind1=" " ind2=" " tag="042"><subfield code="a">pcc</subfield></datafield><datafield ind1=" " ind2=" " tag="043"><subfield code="a">n-us-fl</subfield></datafield><datafield ind1="0" ind2="0" tag="245"><subfield code="a">Seminole herald.</subfield></datafield><datafield ind1="1" ind2=" " tag="246"><subfield code="i">Includes section titled:</subfield><subfield code="a">Lake Mary life newspaper</subfield><subfield code="f">&lt;1998&gt;</subfield></datafield><datafield ind1=" " ind2=" " tag="260"><subfield code="a">Sanford, Fla. :</subfield><subfield code="b">Republic Newspapers,</subfield><subfield code="c">[1998]-</subfield></datafield><datafield ind1=" " ind2=" " tag="300"><subfield code="a">v. :</subfield><subfield code="b">ill. (some col.) ;</subfield><subfield code="c">59 cm.</subfield></datafield><datafield ind1=" " ind2=" " tag="310"><subfield code="a">Daily (except Monday, Saturday and Christmas)</subfield></datafield><datafield ind1="1" ind2=" " tag="362"><subfield code="a">Began in 1998.</subfield></datafield><datafield ind1=" " ind2=" " tag="588"><subfield code="a">Description based on: 90th year, no. 156 (Mar. 31, 1998).</subfield></datafield><datafield ind1=" " ind2=" " tag="588"><subfield code="a">Latest issue consulted: 92nd year, no. 152 (Mar. 24, 2000).</subfield></datafield><datafield ind1=" " ind2="0" tag="651"><subfield code="a">Sanford (Fla.)</subfield><subfield code="v">Newspapers.</subfield></datafield><datafield ind1=" " ind2="0" tag="651"><subfield code="a">Lake Mary (Fla.)</subfield><subfield code="v">Newspapers.</subfield></datafield><datafield ind1=" " ind2="0" tag="651"><subfield code="a">Seminole County (Fla.)</subfield><subfield code="v">Newspapers.</subfield></datafield><datafield ind1=" " ind2="7" tag="655"><subfield code="a">Newspapers.</subfield><subfield code="2">fast</subfield><subfield code="0">(OCoLC)fst01423814</subfield></datafield><datafield ind1=" " ind2="7" tag="651"><subfield code="a">Florida</subfield><subfield code="z">Lake Mary.</subfield><subfield code="2">fast</subfield><subfield code="0">(OCoLC)fst01207964</subfield></datafield><datafield ind1=" " ind2="7" tag="651"><subfield code="a">Florida</subfield><subfield code="z">Sanford.</subfield><subfield code="2">fast</subfield><subfield code="0">(OCoLC)fst01218546</subfield></datafield><datafield ind1=" " ind2="7" tag="651"><subfield code="a">Florida</subfield><subfield code="z">Seminole County.</subfield><subfield code="2">fast</subfield><subfield code="0">(OCoLC)fst01210831</subfield></datafield><datafield ind1=" " ind2=" " tag="752"><subfield code="a">United States</subfield><subfield code="b">Florida</subfield><subfield code="c">Seminole</subfield><subfield code="d">Sanford.</subfield></datafield><datafield ind1=" " ind2=" " tag="752"><subfield code="a">United States</subfield><subfield code="b">Florida</subfield><subfield code="c">Seminole</subfield><subfield code="d">Lake Mary.</subfield></datafield><datafield ind1="0" ind2="0" tag="780"><subfield code="t">Sanford herald (Sanford, Fla. : 1986)</subfield><subfield code="w">(DLC)sn 87008331</subfield><subfield code="w">(OCoLC)15512259</subfield></datafield></record>